<record><leader>00000cas a2200000 a 4500</leader><controlfield tag="001">9821949</controlfield><controlfield tag="008">830818d17881788ncuwr ne      0    0eng d</controlfield><datafield ind1=" " ind2=" " tag="010"><subfield code="a">sn 83025821 </subfield></datafield><datafield ind1=" " ind2=" " tag="040"><subfield code="a">NPV</subfield><subfield code="b">eng</subfield><subfield code="c">NPV</subfield><subfield code="d">NPU</subfield><subfield code="d">DLC</subfield><subfield code="d">NPX</subfield><subfield code="d">KNP</subfield><subfield code="d">ANU</subfield><subfield code="d">MGN</subfield><subfield code="d">NVK</subfield><subfield code="d">OCL</subfield><subfield code="d">BUF</subfield><subfield code="d">KRTAS</subfield><subfield code="d">OCLCQ</subfield><subfield code="d">OCLCF</subfield><subfield code="d">OCLCO</subfield></datafield><datafield ind1=" " ind2=" " tag="042"><subfield code="a">msc</subfield></datafield><datafield ind1=" " ind2=" " tag="043"><subfield code="a">n-us-nc</subfield></datafield><datafield ind1=" " ind2=" " tag="045"><subfield code="a">v8v8</subfield></datafield><datafield ind1="0" ind2="0" tag="050"><subfield code="a">Newspaper</subfield></datafield><datafield ind1="1" ind2="4" tag="050"><subfield code="a">AN261</subfield><subfield code="b">.N66 reel 1</subfield></datafield><datafield ind1=" " ind2=" " tag="052"><subfield code="a">3903</subfield><subfield code="b">C46</subfield></datafield><datafield ind1="0" ind2="4" tag="245"><subfield code="a">The Edenton inteligencer [sic].</subfield></datafield><datafield ind1="1" ind2="3" tag="246"><subfield code="a">Edenton intelligencer</subfield></datafield><datafield ind1=" " ind2=" " tag="260"><subfield code="a">Edenton [N.C.] :</subfield><subfield code="b">Printed by Maurice Murphy</subfield></datafield><datafield ind1=" " ind2=" " tag="300"><subfield code="a">v. ;</subfield><subfield code="c">39 cm.</subfield></datafield><datafield ind1=" " ind2=" " tag="310"><subfield code="a">Weekly</subfield></datafield><datafield ind1="1" ind2=" " tag="362"><subfield code="a">Began in 1788? Ceased in 1788?</subfield></datafield><datafield ind1=" " ind2=" " tag="588"><subfield code="a">Description based on: Vol. 1, no. 25 (Apr. 9, 1788).</subfield></datafield><datafield ind1=" " ind2="0" tag="651"><subfield code="a">Edenton (N.C.)</subfield><subfield code="v">Newspapers.</subfield></datafield><datafield ind1=" " ind2="7" tag="655"><subfield code="a">Newspapers.</subfield><subfield code="2">fast</subfield><subfield code="0">(OCoLC)fst01423814</subfield></datafield><datafield ind1=" " ind2="7" tag="651"><subfield code="a">North Carolina</subfield><subfield code="z">Edenton.</subfield><subfield code="2">fast</subfield><subfield code="0">(OCoLC)fst01220051</subfield></datafield><datafield ind1="1" ind2=" " tag="700"><subfield code="a">Murphy, Maurice.</subfield></datafield><datafield ind1=" " ind2=" " tag="752"><subfield code="a">United States</subfield><subfield code="b">North Carolina</subfield><subfield code="c">Chowan</subfield><subfield code="d">Edenton.</subfield></datafield><datafield ind1="0" ind2="0" tag="780"><subfield code="t">North-Carolina gazette, or, The Edenton intelligencer</subfield><subfield code="w">(DLC)sn 83025822</subfield></datafield><datafield ind1=" " ind2=" " tag="938"><subfield code="a">Kirtas Technologies, Inc.</subfield><subfield code="b">KRTS</subfield><subfield code="n">737292</subfield></datafield></record>